@inproceedings{guo2016ms,
  title        = {Ms-celeb-1m: A dataset and benchmark for large-scale face recognition},
  author       = {Guo, Yandong and Zhang, Lei and Hu, Yuxiao and He, Xiaodong and Gao, Jianfeng},
  booktitle    = {European conference on computer vision},
  pages        = {87--102},
  year         = {2016},
  organization = {Springer}
}

@article{goodfellow2020generative,
  title     = {Generative adversarial networks},
  author    = {Goodfellow, Ian and Pouget-Abadie, Jean and Mirza, Mehdi and Xu, Bing and Warde-Farley, David and Ozair, Sherjil and Courville, Aaron and Bengio, Yoshua},
  journal   = {Communications of the ACM},
  volume    = {63},
  number    = {11},
  pages     = {139--144},
  year      = {2020},
  publisher = {ACM New York, NY, USA}
}


@article{nguyen2022deep,
  title     = {Deep learning for deepfakes creation and detection: A survey},
  author    = {Nguyen, Thanh Thi and Nguyen, Quoc Viet Hung and Nguyen, Dung Tien and Nguyen, Duc Thanh and Huynh-The, Thien and Nahavandi, Saeid and Nguyen, Thanh Tam and Pham, Quoc-Viet and Nguyen, Cuong M},
  journal   = {Computer Vision and Image Understanding},
  volume    = {223},
  pages     = {103525},
  year      = {2022},
  publisher = {Elsevier}
}

@inproceedings{lin2020using,
  title        = {Using Fully Connected and Convolutional Net for GAN-Based Face Swapping},
  author       = {Lin, Bo-Shue and Hsu, Ding-Wen and Shen, Chin-Han and Hsiao, Hsu-Feng},
  booktitle    = {2020 IEEE Asia Pacific Conference on Circuits and Systems (APCCAS)},
  pages        = {185--188},
  year         = {2020},
  organization = {IEEE}
}
